<record><leader>00000cas a2200000 a 4500</leader><controlfield tag="001">13555584</controlfield><controlfield tag="008">860512c19uu9999sduwr ne      0   a0eng  </controlfield><datafield ind1=" " ind2=" " tag="010"><subfield code="a">sn 86071483 </subfield></datafield><datafield ind1=" " ind2=" " tag="040"><subfield code="a">DLC</subfield><subfield code="b">eng</subfield><subfield code="c">DLC</subfield><subfield code="d">NSD</subfield><subfield code="d">DLC</subfield><subfield code="d">OCLCQ</subfield></datafield><datafield ind1=" " ind2=" " tag="012"><subfield code="m">1</subfield></datafield><datafield ind1="1" ind2=" " tag="022"><subfield code="a">0899-9805</subfield><subfield code="l">0899-9805</subfield><subfield code="2">1</subfield></datafield><datafield ind1=" " ind2=" " tag="032"><subfield code="a">682500</subfield><subfield code="b">USPS</subfield></datafield><datafield ind1=" " ind2=" " tag="037"><subfield code="b">RFD News Group, P.O. Box 8, Volga, SD 57071-0008</subfield></datafield><datafield ind1=" " ind2=" " tag="042"><subfield code="a">msc</subfield><subfield code="a">nsdp</subfield></datafield><datafield ind1="0" ind2="0" tag="050"><subfield code="a">Newspaper 9786</subfield></datafield><datafield ind1=" " ind2="0" tag="222"><subfield code="a">White leader</subfield></datafield><datafield ind1="0" ind2="4" tag="245"><subfield code="a">The White leader.</subfield></datafield><datafield ind1=" " ind2=" " tag="260"><subfield code="a">White, S.D. :</subfield><subfield code="b">Rachel A. Walradth</subfield></datafield><datafield ind1=" " ind2=" " tag="300"><subfield code="a">v.</subfield></datafield><datafield ind1=" " ind2=" " tag="310"><subfield code="a">Weekly</subfield></datafield><datafield ind1=" " ind2=" " tag="500"><subfield code="a">Vols. for &lt;June 30, 1988-&gt; published: Volga, S.D. : RFD News Group.</subfield></datafield><datafield ind1=" " ind2=" " tag="588"><subfield code="a">Description based on: Vol. 35, no. 20 (Sept. 13, 1934).</subfield></datafield><datafield ind1=" " ind2=" " tag="752"><subfield code="a">United States</subfield><subfield code="b">South Dakota</subfield><subfield code="c">Brookings</subfield><subfield code="d">White.</subfield></datafield><datafield ind1="1" ind2=" " tag="029"><subfield code="a">AU@</subfield><subfield code="b">000025786033</subfield></datafield></record>